<?xml version="1.0" encoding="UTF-8"?><record xmlns="http://www.loc.gov/MARC21/slim" xmlns:cinclude="http://apache.org/cocoon/include/1.0" xmlns:zs="http://www.loc.gov/zing/srw/">
  <leader>00641cz  a2200169n  4500</leader>
  <controlfield tag="001">n  79127700 </controlfield>
  <controlfield tag="003">DLC</controlfield>
  <controlfield tag="005">20000415151924.0</controlfield>
  <controlfield tag="008">791107n| acannaabn          |a aaa      </controlfield>
  <datafield tag="010" ind1=" " ind2=" ">
    <subfield code="a">n  79127700 </subfield>
  </datafield>
  <datafield tag="035" ind1=" " ind2=" ">
    <subfield code="a">(OCoLC)oca00359227</subfield>
  </datafield>
  <datafield tag="040" ind1=" " ind2=" ">
    <subfield code="a">DLC</subfield>
    <subfield code="b">eng</subfield>
    <subfield code="c">DLC</subfield>
    <subfield code="d">OCoLC</subfield>
  </datafield>
  <datafield tag="100" ind1="1" ind2=" ">
    <subfield code="a">Ortiz-Solorio, Carlos A.</subfield>
  </datafield>
  <datafield tag="400" ind1="1" ind2=" ">
    <subfield code="a">Solorio, Carlos A. Ortiz-</subfield>
  </datafield>
  <datafield tag="400" ind1="1" ind2=" ">
    <subfield code="a">Ortiz-Solorio, C. A.</subfield>
    <subfield code="q">(Carlos A.)</subfield>
  </datafield>
  <datafield tag="670" ind1=" " ind2=" ">
    <subfield code="a">His Metodologi패a del levantamiento fisiogra패fico, 1978:</subfield>
    <subfield code="b">t.p. (Carlos A. Ortiz-Solorio)</subfield>
  </datafield>
  <datafield tag="670" ind1=" " ind2=" ">
    <subfield code="a">His Levantamiento fisiogra패fico del a패rea de influencia de Chapingo, 1977:</subfield>
    <subfield code="b">t.p. (C.A. Ortiz-Solorio) cover (Carlos A. Ortiz-Solorio)</subfield>
  </datafield>
</record>